<?xml version='1.0' encoding='UTF-8'?>
<record xmlns="http://www.loc.gov/MARC21/slim">
  <leader>01736cam a22003137a 4500</leader>
  <controlfield tag="001">3264453</controlfield>
  <controlfield tag="003">NjP</controlfield>
  <controlfield tag="005">20171221000736.0</controlfield>
  <controlfield tag="008">930820s1881    ua            000 0 ara d</controlfield>
  <datafield tag="024" ind1="7" ind2=" ">
    <subfield code="a">princeton_aco002662</subfield>
    <subfield code="2">local</subfield>
  </datafield>
  <datafield ind1=" " ind2=" " tag="035">
    <subfield code="a">(OCoLC)ocn178401116</subfield>
  </datafield>
  <datafield ind1=" " ind2=" " tag="040">
    <subfield code="a">MH</subfield>
    <subfield code="c">PUL</subfield>
    <subfield code="d">PUL</subfield>
  </datafield>
  <datafield ind1=" " ind2=" " tag="035">
    <subfield code="a">(OCoLC)178401116</subfield>
  </datafield>
  <datafield ind1=" " ind2=" " tag="035">
    <subfield code="a">(MH)MHAQD02459HU</subfield>
  </datafield>
  <datafield ind1=" " ind2=" " tag="035">
    <subfield code="a">(CStRLIN)MAHGAQD02459-B</subfield>
  </datafield>
  <datafield ind1=" " ind2=" " tag="035">
    <subfield code="a">(NjP)3264453</subfield>
  </datafield>
  <datafield ind1=" " ind2=" " tag="079">
    <subfield code="a">ocm33996437</subfield>
  </datafield>
  <datafield ind1=" " ind2=" " tag="049">
    <subfield code="a">PULL</subfield>
  </datafield>
  <datafield ind1="1" ind2=" " tag="100">
    <subfield code="6">880-01</subfield>
    <subfield code="a">Dimnatī, ʻAlī ibn Sulaymān,</subfield>
    <subfield code="d">1818 or 19-1888 or 9.</subfield>
  </datafield>
  <datafield ind1="1" ind2="0" tag="245">
    <subfield code="6">880-02</subfield>
    <subfield code="a">Ḥaly nuḥūr ḥūr al-jinān fī ḥaẓāʼir al-Raḥmān :</subfield>
    <subfield code="b">fī al-amdāḥ al-Nabawīyah /</subfield>
    <subfield code="c">taʼlīf ʻAlī ibn Sulaymān al-Dimnatī al-Bujumʻawī. Wa-bihāmishihi Lumaʻ min tafsīr gharīb al-lughah / lil-muʼallif.</subfield>
  </datafield>
  <datafield ind1=" " ind2=" " tag="260">
    <subfield code="6">880-03</subfield>
    <subfield code="a">[Cairo :</subfield>
    <subfield code="b">al-Maṭbaʻah al-Wahabīyah,</subfield>
    <subfield code="c">1298 [1881]</subfield>
  </datafield>
  <datafield ind1=" " ind2=" " tag="300">
    <subfield code="a">163, 3 p. ;</subfield>
    <subfield code="c">24 cm.</subfield>
  </datafield>
  <datafield ind1="1" ind2="0" tag="600">
    <subfield code="a">Muḥammad,</subfield>
    <subfield code="c">Prophet,</subfield>
    <subfield code="d">d. 632.</subfield>
    <subfield code="0">http://id.loc.gov/authorities/names/n79130881</subfield>
  </datafield>
  <datafield ind1="1" ind2="2" tag="700">
    <subfield code="6">880-04</subfield>
    <subfield code="a">Dimnatī, ʻAlī ibn Sulaymān,</subfield>
    <subfield code="d">1818 or 19-1888 or 9.</subfield>
    <subfield code="t">Lumaʻ min tafsīr gharīb al-lughah.</subfield>
    <subfield code="f">1881.</subfield>
  </datafield>
  <datafield ind1="1" ind2=" " tag="880">
    <subfield code="6">100-01/r</subfield>
    <subfield code="a">دمنتي، علي بن سليمان،</subfield>
    <subfield code="d">1818 or 19-1888 or 9.</subfield>
  </datafield>
  <datafield ind1="1" ind2="0" tag="880">
    <subfield code="6">245-02/r</subfield>
    <subfield code="a">حلي نحور حور الجنان في حظائر الرحمن :</subfield>
    <subfield code="b">في الامداح النبوية /</subfield>
    <subfield code="c">تأليف علي بن سليمان الدمنتي البجمعوي. وبهامشه لمع من تفسير غريب اللغة / للمؤلف.</subfield>
  </datafield>
  <datafield ind1=" " ind2=" " tag="880">
    <subfield code="6">260-03/r</subfield>
    <subfield code="a">[ر :</subfield>
    <subfield code="b">المطبعة الوهبية،</subfield>
    <subfield code="c">1298 [1881]</subfield>
  </datafield>
  <datafield ind1="1" ind2="2" tag="880">
    <subfield code="6">700-04/r</subfield>
    <subfield code="a">دمنتي، علي بن سليمان،</subfield>
    <subfield code="d">1818 or 19-1888 or 9.</subfield>
    <subfield code="t">لمع من تفسير غريب اللغة.</subfield>
    <subfield code="f">1881.</subfield>
  </datafield>
  <datafield ind1=" " ind2=" " tag="904">
    <subfield code="a">jyn</subfield>
    <subfield code="b">g</subfield>
    <subfield code="h">m</subfield>
    <subfield code="c">b</subfield>
    <subfield code="e">20001214</subfield>
  </datafield>
  <datafield ind1=" " ind2=" " tag="994">
    <subfield code="a">C0</subfield>
    <subfield code="b">PUL</subfield>
  </datafield>
  <datafield ind1=" " ind2=" " tag="999">
    <subfield code="a">3264453</subfield>
  </datafield>
  <datafield ind1="0" ind2="1" tag="852">
    <subfield code="0">3589961</subfield>
    <subfield code="b">rcppa</subfield>
    <subfield code="t">1</subfield>
    <subfield code="h">BP75</subfield>
    <subfield code="i">.D55 1881</subfield>
    <subfield code="x">tr fr arab</subfield>
  </datafield>
  <datafield ind1=" " ind2=" " tag="959">
    <subfield code="a">2000-12-14 10:25:52 -0500</subfield>
  </datafield>
</record>
